@misc{ThomsonReutersAboutCalais,
    title = {{About Open Calais}},
    author = {{Thomson Reuters}},
    howpublished = "\url{http://www.opencalais.com/about-open-calais/}",
    note = {Accessed 11 October 2018}
}

@misc{GettyImagesAPIOverview,
    title = {{API Overview}},
    author = {{Getty Images}},
    howpublished = "\url{https://developers.gettyimages.com/api/api-overview.html}",
    note = {Accessed 3 October 2018}
}

@misc{AssociatedPressAutomatedInsights,
    title = {{Automated Insights}},
    author = {{Associated Press}},
    howpublished = "\url{https://automatedinsights.com/customer-stories/associated-press/}",
    note = {Accessed 24 September 2018}
}

@misc{BBCBBCNews,
    title = {{BBC News}},
    author = {{BBC}},
    howpublished = "\url{https://www.bbc.com/news/}",
    note = {Accessed 3 October 2018}
}

@misc{BrainJSBrain.js:JavaScript,
    title = {{brain.js: Neural networks in JavaScript}},
    author = {{BrainJS}},
    howpublished = "\url{https://github.com/BrainJS/brain.js}",
    note = {Accessed 8 October 2018}
}

@misc{ThomsonReutersOpenCalais,
    title = {{Open Calais}},
    author = {{Thomson Reuters}},
    howpublished = "\url{http://www.opencalais.com/}",
    note = {Accessed 26 September 2018}
}

