@article{Porter1980AnStripping,
    title = {{An algorithm for suffix stripping}},
    year = {1980},
    journal = {Program},
    author = {Porter, M. F.},
    number = {3},
    pages = {130--137},
    volume = {14},
    isbn = {1558604545},
    doi = {10.1108/eb046814},
    pmid = {16143652},
    arxivId = {http://dx.doi.org/10.1108/BIJ-10-2012-0068}
}

@inproceedings{Delgado2010AutomatedExperience,
    title = {{Automated illustration of news stories: Improving the readers experience}},
    year = {2010},
    booktitle = {2010 IEEE Fourth International Conference on Semantic Computing},
    author = {Delgado, Diogo and Magalh{\~{a}}es, João and Correia, Nuno},
    pages = {73--78},
    publisher = {IEEE},
    address = {Pittsburgh},
    isbn = {9780769541549},
    doi = {10.1109/ICSC.2010.68},
    keywords = {Automated text illustration, Semantic illustrations, Text-to-image}
}

@inproceedings{Aramini2015AutomaticImages,
    title = {{Automatic illustration of short texts via web images}},
    year = {2015},
    booktitle = {Proceedings of the 6th International Conference on Information Visualization Theory and Applications},
    author = {Aramini, Sandro Aldo and Ardizzone, Edoardo and Mazzola, Giuseppe},
    pages = {139--148},
    publisher = {Scitepress},
    address = {Berlin},
    isbn = {978-989-758-088-8},
    doi = {10.5220/0005307301390148}
}

@article{Zillmann1999EffectsPerception,
    title = {{Effects of Photographs in News-Magazine Reports on Issue Perception}},
    year = {1999},
    journal = {Media Psychology},
    author = {Zillmann, Dolf and Gibson, Rhonda and Sargent, Stephanie L.},
    number = {3},
    pages = {207--228},
    volume = {1},
    isbn = {1521-3269},
    doi = {10.1207/s1532785xmep0103{\_}2}
}

@article{Zillmann2001EffectsReports,
    title = {{Effects of Photographs on the Selective Reading of News Reports}},
    year = {2001},
    journal = {Media Psychology},
    author = {Zillmann, Dolf and Knobloch, Silvia and Yu, Hong Sik},
    number = {4},
    pages = {301--324},
    volume = {3},
    isbn = {1521-3269},
    doi = {10.1207/S1532785XMEP0304{\_}01}
}

@inproceedings{Westman2006ImageContext,
    title = {{Image retrieval by end-users and intermediaries in a journalistic work context}},
    year = {2006},
    booktitle = {Proceedings of the 1st international conference on Information interaction in context},
    author = {Westman, Stina and Oittinen, Pirkko},
    pages = {102--110},
    publisher = {ACM},
    address = {Copenhagen},
    isbn = {1595934820},
    doi = {10.1145/1164820.1164843}
}

@inproceedings{Hulth2003ImprovedKnowledge,
    title = {{Improved Automatic Keyword Extraction Given More Linguistic Knowledge}},
    year = {2003},
    booktitle = {Proceedings of the 2003 Conference on Empirical Methods in Natural Language Processing},
    author = {Hulth, Anette},
    pages = {216--223},
    publisher = {ACL},
    address = {Sapporo},
    isbn = {978-3-642-00886-3},
    doi = {10.3115/1119355.1119383},
    pmid = {4520227},
    arxivId = {9780201398298},
    keywords = {a non-keyword, as a keyword or, as-, each de ned term, from these documents, is classi ed either, plied to documents for, signed, subsequently ap-, the trained model is, which no keywords are}
}

@techreport{Beliga2014KeywordApproaches,
    title = {{Keyword extraction: a review of methods and approaches}},
    year = {2014},
    author = {Beliga, Slobodan},
    institution = {University of Rijeka, Department of Informatics, Rijeka},
    keywords = {graph-based methods, keyword extraction, selectivity-based keyword extraction}
}

@article{Sundar2000MultimediaDownloads,
    title = {{Multimedia Effects on Processing and Perception of Online News: A Study of Picture, Audio, and Video Downloads}},
    year = {2000},
    journal = {Journalism {\&} Mass Communication Quarterly},
    author = {Sundar, S. Shyam},
    number = {3},
    pages = {480--499},
    volume = {77}
}

@book{Bishop1995NeuralRecognition,
    title = {{Neural networks for pattern recognition}},
    year = {1995},
    author = {Bishop, C M},
    publisher = {Oxford University Press },
    address = {Oxford},
    isbn = {0198538642},
    doi = {10.2307/2965437},
    pmid = {1144972},
    arxivId = {0-387-31073-8}
}

@article{Pottker2003NewsAppear,
    title = {{News and its communicative quality: the inverted pyramid—when and why did it appear?}},
    year = {2003},
    journal = {Journalism Studies},
    author = {P{\"{o}}ttker, Horst},
    number = {4},
    pages = {501--511},
    volume = {4},
    doi = {10.1080/1461670032000136596}
}

@article{David1998NewsNews,
    title = {{News concreteness and visual-verbal association: Do news pictures narrow the recall gap between concrete and abstract news?}},
    year = {1998},
    journal = {Human Communication Research},
    author = {David, Prabu},
    number = {2},
    pages = {180--201},
    volume = {25},
    isbn = {6142921055},
    doi = {10.1111/j.1468-2958.1998.tb00442.x},
    pmid = {199363410; 04134243}
}

@article{Ben-Porath2010NewsKatrina,
    title = {{News images, race, and attribution in the wake of Hurricane Katrina}},
    year = {2010},
    journal = {Journal of Communication},
    author = {Ben-Porath, Eran N. and Shaker, Lee K.},
    number = {3},
    pages = {466--490},
    volume = {60},
    isbn = {1460-2466},
    doi = {10.1111/j.1460-2466.2010.01493.x}
}

@article{Keib2018PictureNews,
    title = {{Picture This: The Influence of Emotionally Valenced Images, On Attention, Selection, and Sharing of Social Media News}},
    year = {2018},
    journal = {Media Psychology},
    author = {Keib, Kate and Espina, Camila and Lee, Yen I. and Wojdynski, Bartosz W. and Choi, Dongwon and Bang, Hyejin},
    number = {2},
    pages = {202--221},
    volume = {21},
    doi = {10.1080/15213269.2017.1378108}
}

@book{Newman2017Reuters2017,
    title = {{Reuters Institute Digital News Report 2017}},
    year = {2017},
    author = {Newman, Nic and Fletcher, Richard and Kalogeropoulos, Antonis and Levy, David A. L. and Kleis Nielsen, Rasmus},
    institution = {Reuters Institute},
    address = {Oxford},
    keywords = {digital news, media systems, mobile, news, social media, trust}
}

@inproceedings{Balabanovic2000StorytellingPhotographs,
    title = {{Storytelling with digital photographs}},
    year = {2000},
    booktitle = {Proceedings of the SIGCHI conference on Human factors in computing systems  - CHI '00},
    author = {Balabanovi{\'{c}}, Marko and Chu, Lonny L. and Wolff, Gregory J.},
    pages = {564--571},
    publisher = {ACM},
    address = {Den Haag},
    isbn = {1581132166},
    doi = {10.1145/332040.332505}
}

@article{Salton1988Term-weightingRetrieval,
    title = {{Term-weighting approaches in automatic text retrieval}},
    year = {1988},
    journal = {Information Processing and Management},
    author = {Salton, Gerard and Buckley, Christopher},
    number = {5},
    pages = {513--523},
    volume = {24},
    isbn = {1558604545},
    doi = {10.1016/0306-4573(88)90021-0},
    arxivId = {115}
}

@article{Joshi2006TheIllustration,
    title = {{The Story Picturing Engine—A System for Automatic Text Illustration}},
    year = {2006},
    journal = {ACM Transactions on Multimedia Computing, Communications, and Applications (TOMCCAP)},
    author = {Joshi, Dhiraj and Wang, James Z and Li, Jia},
    number = {1},
    pages = {68--89},
    volume = {2},
    isbn = {1551-6857},
    doi = {10.1145/1126004.1126008}
}

@misc{ThomsonReuters2018ThomsonGuide,
    title = {{Thomson Reuters Open Calais: API User Guide}},
    year = {2018},
    author = {{Thomson Reuters}},
    url = {http://www.opencalais.com/wp-content/uploads/folder/ThomsonReutersOpenCalaisAPIUserGuideR12_0.pdf}
}

@inproceedings{Feng2010TopicIllustration,
    title = {{Topic Models for Image Annotation and Text Illustration}},
    year = {2010},
    booktitle = {Human Language Technologies: The 2010 Annual Conference of the North American Chapter of the Association for Computational Linguistics},
    author = {Feng, Yansong and Lapata, Mirella},
    pages = {831–839},
    publisher = {ACL},
    address = {Los Angeles},
    isbn = {1-932432-65-5}
}

@book{Shalev-Shwartz2014UnderstandingAlgorithms,
    title = {{Understanding Machine Learning: From Theory to Algorithms}},
    year = {2014},
    booktitle = {Understanding Machine Learning: From Theory to Algorithms},
    author = {Shalev-Shwartz, Shai and Ben-David, Shai},
    publisher = {Cambridge University Press},
    address = {Cambridge},
    isbn = {9781107057135},
    doi = {10.1017/CBO9781107298019}
}

@book{Fellbaum1998WordNet:Database,
    title = {{WordNet: An Electronic Lexical Database}},
    year = {1998},
    author = {Fellbaum, Christiane},
    publisher = {MIT Press},
    address = {Cambridge},
    isbn = {026206197X},
    doi = {10.1139/h11-025},
    pmid = {21561289},
    arxivId = {arXiv:1011.1669v3}
}

@inproceedings{Coyne2001WordsEye:System,
    title = {{WordsEye: an automatic text-to-scene conversion system}},
    year = {2001},
    booktitle = {Proceedings of the 28th Annual Conference on Computer Graphics and Interactive Techniques},
    author = {Coyne, Bob and Sproat, Richard},
    pages = {487--496},
    publisher = {ACM},
    address = {Los Angeles},
    isbn = {158113374X},
    doi = {10.1145/383259.383316},
    keywords = {applications, figure 1, hci, he rides horse, human computer interface, john uses crossbow, multimedia, scene generation, store, text scene conversion}
}

@book{Rich2015WritingMethod,
    title = {{Writing and Reporting News: A Coaching Method}},
    year = {2015},
    author = {Rich, Carole},
    edition = {8},
    publisher = {Cengage Learning},
    address = {Boston},
    isbn = {130553784X, 9781305537842}
}