@inproceedings{Brill1992ATagger,
    title = {{A simple rule-based part of speech tagger}},
    year = {1992},
    booktitle = {Proceedings of the third conference on Applied natural language processing  -},
    author = {Brill, Eric},
    isbn = {1558602720},
    doi = {10.3115/974499.974526},
    issn = {00992399},
    pmid = {12043861},
    arxivId = {cmp-lg/9406010}
}

@misc{Porter1980AnStripping,
    title = {{An algorithm for suffix stripping}},
    year = {1980},
    booktitle = {Program},
    author = {Porter, M. F.},
    isbn = {1558604545},
    doi = {10.1108/eb046814},
    issn = {00330337},
    pmid = {16143652},
    arxivId = {http://dx.doi.org/10.1108/BIJ-10-2012-0068}
}

@inproceedings{Delgado2010AutomatedExperience,
    title = {{Automated illustration of news stories: Improving the readers experience}},
    year = {2010},
    booktitle = {Proceedings - 2010 IEEE 4th International Conference on Semantic Computing, ICSC 2010},
    author = {Delgado, Diogo and Magalh{\~{a}}es, Jo√£o and Correia, Nuno},
    isbn = {9780769541549},
    doi = {10.1109/ICSC.2010.68},
    keywords = {Automated text illustration, Semantic illustrations, Text-to-image}
}

@article{AraminiAutomaticImages,
    title = {{Automatic Illustration of Short Texts via Web Images}},
    author = {Aramini, Sandro Aldo and Ardizzone, Edoardo and Mazzola, Giuseppe},
    doi = {10.5220/0005307301390148},
    keywords = {Automatic Illustration, Google Image, Semantic Similarity, Semantic Space, Story Picturing, Text Analysis, Web Image Search}
}

@inproceedings{Hasan2014AutomaticArt,
    title = {{Automatic Keyphrase Extraction: A Survey of the State of the Art}},
    year = {2014},
    booktitle = {Proceedings of the 52nd Annual Meeting of the Association for Computational Linguistics (Volume 1: Long Papers)},
    author = {Hasan, Kazi Saidul and Ng, Vincent},
    isbn = {9781937284725},
    doi = {10.3115/v1/P14-1119}
}

@article{Bbc_annual_plan_2018,
    title = {{bbc{\_}annual{\_}plan{\_}2018}}
}

@techreport{GraefeGuideJournalism,
    title = {{Guide to Automated Journalism}},
    author = {Graefe, Andreas}
}

@article{ZainabMHSSCOESabooSiddikPolyRoad2015ImageSumit,
    title = {{Image illustration of Text using Natural Language Processing Image illustration of Text using Natural Language Processing Amru Ritika Tapadia Sumit}},
    year = {2015},
    journal = {Article in International Journal of Computer Applications},
    author = {Zainab MHSSCOE SabooSiddik Poly Road, Pirani and SabooSiddik Poly Road, Mhsscoe and Aman MHSSCOE SabooSiddik Poly Road, Thakur and Maitreya MHSSCOE SabooSiddik Poly Road, Wagh},
    number = {21},
    pages = {975--8887},
    volume = {115},
    url = {https://www.researchgate.net/publication/276177807},
    doi = {10.5120/20273-2687}
}

@techreport{HulthImprovedKnowledge,
    title = {{Improved Automatic Keyword Extraction Given More Linguistic Knowledge}},
    author = {Hulth, Anette}
}

@techreport{BeligaKeywordApproaches,
    title = {{Keyword extraction: a review of methods and approaches}},
    author = {Beliga, Slobodan},
    keywords = {graph-based methods, keyword extraction, selectivity-based keyword extraction}
}

@techreport{GoosLNCSRetrieval,
    title = {{LNCS 3094 - Adaptive Multimedia Retrieval}},
    booktitle = {Lecture Notes in},
    author = {Goos, Gerhard and Hartmanis, Juris and Van, Jan and Board, Leeuwen Editorial and Kanade, Takeo and Kittler, Josef and Kleinberg, Jon M and Mattern, Friedemann and Zurich, Eth and Mitchell, John C and Naor, Moni and Nierstrasz, Oscar and Steffen, Bernhard and Sudan, Madhu and Terzopoulos, Demetri and Tygar, Doug and Vardi, Moshe Y and Weikum, Gerhard}
}

@techreport{GoosLNCSManagement,
    title = {{LNCS 4016 - Advances in Web-Age Information Management}},
    author = {Goos, Gerhard and Hartmanis, Juris and Van, Jan and Board, Leeuwen Editorial and Hutchison, David and Kanade, Takeo and Kittler, Josef and Kleinberg, Jon M and Mattern, Friedemann and Zurich, Eth and Mitchell, John C and Naor, Moni and Nierstrasz, Oscar and Steffen, Bernhard and Sudan, Madhu and Terzopoulos, Demetri and Tygar, Doug and Vardi, Moshe Y and Weikum, Gerhard}
}

@techreport{ShyamSundarMULTIMEDIADOWNLOADS,
    title = {{MULTIMEDIA EFFECTS ON PROCESSING AND PERCEPTION OF ONLINE NEWS: A STUDY OF PICTURE, AUDIO, AND VIDEO DOWNLOADS}},
    author = {Shyam Sundar, S}
}

@article{David1998NewsNews,
    title = {{News concreteness and visual-verbal association: Do news pictures narrow the recall gap between concrete and abstract news?}},
    year = {1998},
    journal = {Human Communication Research},
    author = {David, Prabu},
    isbn = {6142921055},
    doi = {10.1111/j.1468-2958.1998.tb00442.x},
    issn = {03603989},
    pmid = {199363410; 04134243}
}

@techreport{NewmanwithRichardFletcherReuters2017,
    title = {{Reuters Institute Digital News Report 2017}},
    author = {Newman with Richard Fletcher, Nic and Kalogeropoulos, Antonis and L Levy, David A and Kleis Nielsen, Rasmus},
    keywords = {digital news, media systems, mobile, news, social media, trust}
}

@techreport{Ofcom2017TheEngland,
    title = {{The BBC's services: audiences in England}},
    year = {2017},
    author = {{Ofcom}}
}

@techreport{TheLogo,
    title = {{The BBC's understanding of its audiences and users A picture of the National Audit Office logo}}
}